<?xml version="1.0" encoding="UTF-8"?><collection><record><leader>06585ntm a2200541 a 4500</leader><controlfield tag="001">006804782</controlfield><controlfield tag="003">MiAaHDL</controlfield><controlfield tag="005">20190719000000.0</controlfield><controlfield tag="006">m        d        </controlfield><controlfield tag="007">cr bn ---auaua</controlfield><controlfield tag="008">090529s1642    xx            00| ||ara d</controlfield><datafield tag="035" ind1=" " ind2=" "><subfield code="a">(MiU)006804782</subfield></datafield><datafield tag="035" ind1=" " ind2=" "><subfield code="a">sdr-miu006804782</subfield></datafield><datafield tag="040" ind1=" " ind2=" "><subfield code="a">MiU</subfield><subfield code="c">MiU</subfield><subfield code="e">amremm</subfield></datafield><datafield tag="043" ind1=" " ind2=" "><subfield code="a">n-us-mi</subfield></datafield><datafield tag="100" ind1="1" ind2=" "><subfield code="6">880-01</subfield><subfield code="a">Ibn Malak, ʻAbd al-Laṭīf ibn ʻAbd al-ʻAzīz.</subfield></datafield><datafield tag="245" ind1="1" ind2="0"><subfield code="6">880-03</subfield><subfield code="a">Sharḥ Manār al-anwār fī uṣūl al-fiqh,</subfield><subfield code="f">[1052, i.e. 1642].</subfield></datafield><datafield tag="260" ind1=" " ind2=" "><subfield code="c">[1642].</subfield></datafield><datafield tag="300" ind1=" " ind2=" "><subfield code="a">197 leaves :</subfield><subfield code="b">paper ;</subfield><subfield code="c">210 x 137 (171 x 73) mm.</subfield></datafield><datafield tag="500" ind1=" " ind2=" "><subfield code="a">Shelfmark: Ann Arbor, University of Michigan, Special Collections Library, Isl. Ms. 544</subfield></datafield><datafield tag="500" ind1=" " ind2=" "><subfield code="a">Origin: As appears in colophon on p.429, transcription of final section completed Ṣafar 1052 [May 1642]. Opening section (pp.17-214) likely copied somewhat earlier, perhaps early 17th century.</subfield></datafield><datafield tag="500" ind1=" " ind2=" "><subfield code="a">Accompanying materials: a. Inventory cataloguing slip in hand of Winifred Smeaton Thomas -- b. Acquisitions slip from Yahuda -- c. Eighteen inserts mainly carrying glosses (paginated pp.25-26, 29-30, 35-36, 39-40, 43-44, 49-50, 55-56, 59-60, 69-70, 73-74, 79-80, 83-84, 103-104, 111-112, 121-122, 133-134, 147-148, 191-192).</subfield></datafield><datafield tag="500" ind1=" " ind2=" "><subfield code="a">Former shelfmark: From interior of upper cover and spine label "IL 218" (likely supplied by Yahuda, see acquisitions slip).</subfield></datafield><datafield tag="500" ind1=" " ind2=" "><subfield code="a">Binding: Pasteboards covered in once marbled laid paper with dark red-brown leather over edges/turn-ins (likely once also spine and fore edge flap, framed binding) ; Type II binding (with flap, now lost) ; board linings in untinted laid paper ; sewn in heavy light blue thread, two stations ; overall in poor condition with loss of flap, significant abrasion, lifting and losses of paper and leather, delamination of boards, staining, shrinkage, etc. ; housed in box for protection.</subfield></datafield><datafield tag="500" ind1=" " ind2=" "><subfield code="a">Support: European laid paper of several types ; earlier section includes type with 8 laid lines per cm. (vertical), chain lines spaced 28-30 mm. apart (horizontal), and crown-star-crescent watermark (see p.26, 38, 92-93, 160, etc.) and type with 9-10 laid lines per cm. (vertical), chain lines spaced 26 mm. apart (horizontal), and crossbow in circle (trefoil above) watermark (see p.24, 42, etc.) ; later, final section includes type with 8 laid lines per cm. (vertical), chain lines spaced 30 mm. apart (horizontal), and a different crown-star-crescent watermark (see p.224, 225, etc.) and a type with 7 laid lines per cm. (vertical), chain lines spaced 26 mm. apart (horizontal), and anchor in circle watermark (see p.330, etc.) ; some leaves tinted yellow.</subfield></datafield><datafield tag="500" ind1=" " ind2=" "><subfield code="a">Decoration: Keywords and abbreviation symbols rubricated ; overlining in red ; in early section text of written area surrounded by red rule-border (pp.17-214) ; some textual dividers in the form of red dots.</subfield></datafield><datafield tag="500" ind1=" " ind2=" "><subfield code="a">Script: Naskh ; at least two elegant Turkish hands ; following replacement leaves at opening (from p.19) an elegant Turkish hand, partially but irregularly seriffed with right-sloping head-serifs on some ascender letters, effect of tilt to the left, only casually pointed, curvilinear descenders, extension of horizontal strokes, free assimilation of letters (kāf followed by alif, etc.), point of final nūn set deep in bowl (even fully encircled occasionally), alif maqṣūrah often mardūdah, etc. ; from p.215 to close, another elegant though more compact Turkish hand, seriffed (nearly all ascender letters) with sharp tilt to the left, curvilinear descenders, free assimilation of letters, and pointing in curves rather than distinct dots ; replacement leaves at opening in still another naskh and a nastaʻlīq (talik).</subfield></datafield><datafield tag="500" ind1=" " ind2=" "><subfield code="a">Layout: Written mainly in 25 lines per page ; frame-ruled.</subfield></datafield><datafield tag="500" ind1=" " ind2=" "><subfield code="a">Collation: V-9+8 (9), 18 V(189), III+2 (197) ; chiefly quinions ; catchwords present ; pagination in pencil, Western numerals, supplied during digitization (includes inserts).</subfield></datafield><datafield tag="500" ind1=" " ind2=" "><subfield code="a">Colophon: "Scribal," rectangular, reads "الحمد لله على التمام ولرسوله افضل السلام فرغت عن تنميق هذه النسخة في ان من الزمان ويسر اتمامه في صفر الخير لسنة اثنى وخمسين والف"</subfield></datafield><datafield tag="500" ind1=" " ind2=" "><subfield code="a">Explicit: "حتى قتل صار شهيدا لانه يكون بادلا نفسه لعزاز دين الله تعالى ولاقامة حق الشرع تم تم"</subfield></datafield><datafield tag="500" ind1=" " ind2=" "><subfield code="a">Incipit: "لله الحي الاحد حمد لا يحتويه الحد على ما اولانا علم الفروع ... اما بعد يقول عبد اللطيف بن فرشته ... ان ارباب البطانة واصحاب الفطانة من خلص احبابي ... قالوا ان كتاب المنار للامام ... حافظ الدين النسفي ... صائر اهالي الامصار انار ... نسألك ان نشرحه شرحا على طريق الحل مختصرا ..."</subfield></datafield><datafield tag="500" ind1=" " ind2=" "><subfield code="a">Title from inscription on 'title page' (p.1).</subfield></datafield><datafield tag="500" ind1=" " ind2=" "><subfield code="a">Ms. composite codex.</subfield></datafield><datafield tag="510" ind1="4" ind2=" "><subfield code="a">Ḥājjī Khalīfah. Kashf al-ẓunūn</subfield><subfield code="c">vi 124, no.12907</subfield></datafield><datafield tag="510" ind1="4" ind2=" "><subfield code="a">Brockelmann, C. GAL,</subfield><subfield code="c">II 196 (I. Cmtre 4) ; S II 263</subfield></datafield><datafield tag="520" ind1="8" ind2=" "><subfield code="a">Fine composite copy of the commentary by Ferişteoğlu (Feriştehoğlu) Abdullatîf İbn Melek (ʻAbd al-Laṭīf ibn Firishtah, al-maʻrūf bi-Ibn Malak) upon al-Manār fī uṣūl al-fiqh (Manār al-anwār), a concise account of the foundations of law by Abū al-Barakāt ʻAbd Allāh ibn Aḥmad al-Nasafī (d.1310).</subfield></datafield><datafield tag="538" ind1=" " ind2=" "><subfield code="a">Mode of access: Internet.</subfield></datafield><datafield tag="541" ind1=" " ind2=" "><subfield code="a">Acquired in 1926 from the bookseller Isaac Benjamin S.E. Yahuda via purchase transacted on his behalf by Abraham Shalom Yahuda (1877-1951), his younger brother.</subfield></datafield><datafield tag="546" ind1=" " ind2=" "><subfield code="a">Arabic.</subfield></datafield><datafield tag="561" ind1=" " ind2=" "><subfield code="a">Numerous marginal and interlinear glosses and corrections ; occasional notabilia (some rubricated) ; collation marks ("بلغ") and collation note at head of p.237 "نصف الاوراق عدد [؟] ٩٧".</subfield></datafield><datafield tag="600" ind1="1" ind2="0"><subfield code="a">Nasafī, ʻAbd Allāh ibn Aḥmad,</subfield><subfield code="d">-1310.</subfield><subfield code="t">Manār al-anwār fī al-uṣūl.</subfield></datafield><datafield tag="650" ind1=" " ind2="0"><subfield code="a">Manuscripts, Arabic</subfield><subfield code="z">Michigan</subfield><subfield code="z">Ann Arbor.</subfield></datafield><datafield tag="650" ind1=" " ind2="0"><subfield code="a">Hanafites</subfield><subfield code="v">Early works to 1800.</subfield></datafield><datafield tag="650" ind1=" " ind2="0"><subfield code="a">Islamic law</subfield><subfield code="x">Interpretation and construction</subfield><subfield code="v">Early works to 1800.</subfield></datafield><datafield tag="773" ind1="0" ind2=" "><subfield code="a">Yahuda Collection.</subfield></datafield><datafield tag="880" ind1="1" ind2="0"><subfield code="6">245-03/</subfield><subfield code="a">شرح منار الانوار في اصول الفقه,</subfield><subfield code="f">[1052ه، 1642م].</subfield></datafield><datafield tag="880" ind1="1" ind2=" "><subfield code="6">100-01/</subfield><subfield code="a">ابن ملك، عبد اللطيف بن عبد العزيز.</subfield></datafield><datafield tag="CID" ind1=" " ind2=" "><subfield code="a">006804782</subfield></datafield><datafield tag="DAT" ind1="0" ind2=" "><subfield code="a">20190719102636.0</subfield><subfield code="b">20190719000000.0</subfield></datafield><datafield tag="DAT" ind1="1" ind2=" "><subfield code="a">20190719090653.0</subfield><subfield code="b">2019-07-19T16:11:32Z</subfield></datafield><datafield tag="DAT" ind1="2" ind2=" "><subfield code="a">2015-10-02T18:00:03Z</subfield></datafield><datafield tag="CAT" ind1=" " ind2=" "><subfield code="a">SDR-MIU</subfield><subfield code="d">EX LIBRIS - ALEPH</subfield><subfield code="l">prepare.pl-004-008</subfield></datafield><datafield tag="FMT" ind1=" " ind2=" "><subfield code="a">BK</subfield></datafield><datafield tag="HOL" ind1=" " ind2=" "><subfield code="0">sdr-miu006804782</subfield><subfield code="a">MiU</subfield><subfield code="b">SDR</subfield><subfield code="c">MIU</subfield><subfield code="p">mdp.39015079126747</subfield><subfield code="s">MIU</subfield><subfield code="1">006804782</subfield></datafield><datafield tag="974" ind1=" " ind2=" "><subfield code="b">MIU</subfield><subfield code="c">MIU</subfield><subfield code="d">20190719</subfield><subfield code="s">lit-dlps-dc</subfield><subfield code="u">mdp.39015079126747</subfield><subfield code="y">1642</subfield><subfield code="r">pd</subfield><subfield code="q">bib</subfield><subfield code="t">non-US bib date1 &lt; 1896</subfield></datafield></record></collection>